
@article{andersen_how_2009,
	title = {How community ecology links natural mortality, growth, and production of fish populations},
	volume = {66},
	pages = {1978--1984},
	number = {9},
	journaltitle = {{ICES} Journal of Marine Science: Journal du Conseil},
	shortjournal = {{ICES} J. Mar. Sci.},
	author = {Andersen, K. H. and Farnsworth, K. D. and Pedersen, M. and Gislason, H. and Beyer, J. E.},
	year = {2009}}
}