@article{lefrancois_influence_2003,
	title = {Influence of ambient oxygenation and temperature on metabolic scope and scope for heart rate in the common sole Solea solea},
	volume = {259},
	pages = {273--284},
	journaltitle = {Marine Ecology Progress Series},
	author = {Lefrancois, C and Claireaux, G},
	date = {2003}}
}

@book{gnauck2013freshwater,
  title={Freshwater ecosystems: modelling and simulation},
  author={Gnauck, AH and Stra{\v{s}}kraba, M},
  volume={8},
  year={2013},
  publisher={Elsevier}
}

@article{andersen_how_2009,
	title = {How community ecology links natural mortality, growth, and production of fish populations},
	volume = {66},
	pages = {1978--1984},
	number = {9},
	journaltitle = {{ICES} Journal of Marine Science: Journal du Conseil},
	shortjournal = {{ICES} J. Mar. Sci.},
	author = {Andersen, K. H. and Farnsworth, K. D. and Pedersen, M. and Gislason, H. and Beyer, J. E.},
	year = {2009}}
}